@article{farge1999non,
  title={Non-Gaussianity and coherent vortex simulation for two-dimensional turbulence using an adaptive orthogonal wavelet basis},
  author={Farge, Marie and Schneider, Kai and Kevlahan, Nicholas},
  journal={Physics of Fluids},
  volume={11},
  number={8},
  pages={2187--2201},
  year={1999},
  publisher={AIP}
}

@incollection{schafer1996benchmark,
  title={Benchmark computations of laminar flow around a cylinder},
  author={Sch{\"a}fer, Michael and Turek, Stefan and Durst, Franz and Krause, Egon and Rannacher, Rolf},
  booktitle={Flow simulation with high-performance computers II},
  pages={547--566},
  year={1996},
  publisher={Springer}
}

@article{turek2006proposal,
  title={Proposal for numerical benchmarking of fluid-structure interaction between an elastic object and laminar incompressible flow},
  author={Turek, Stefan and Hron, Jaroslav},
  journal={Lecture notes in computational science and engineering},
  volume={53},
  pages={371},
  year={2006},
  publisher={Springer}
}

@book{eriksson1996computational,
  title={Computational differential equations},
  author={Eriksson, Kenneth},
  volume={1},
  year={1996},
  publisher={Cambridge University Press}
}

@book{logg2012automated,
  title={Automated solution of differential equations by the finite element method: The FEniCS book},
  author={Logg, Anders and Mardal, Kent-Andre and Wells, Garth},
  volume={84},
  year={2012},
  publisher={Springer Science \& Business Media}
}